2880 4454
3 2914 11 2971 l

262 1102 649 1189 SELEOTIONS
690 1102 814 1188 FOR
854 1102 1159 1190 READING.

647 1379 787 1407 -οοο-

570 1604 602 1670 1.
640 1602 860 1668 uranus.
938 1551 941 1557 ’
986 1655 989 1661 ,

467 1837 497 1882 1.
527 1835 591 1883 'l'he
608 1834 711 1882 Mense
729 1834 792 1881 aud
810 1833 863 1880 the
881 1831 963 1881 Rite.

233 1972 358 2037 Milvius
372 1971 486 2057 laqueis
500 1973 636 2037 irretitus
650 1973 823 2037 musculum
838 1970 987 2048 exoravit,
1002 1977 1038 2034 ut
1052 1992 1132 2050 eum,
1144 1979 1243 2036 eorru-

189 2076 230 2140 sis
255 2076 363 2162 plagis,
388 2075 539 2140 liberaret.
597 2076 666 2158 Quo
691 2077 783 2155 facto,
808 2077 931 2141 milvius
959 2071 1104 2140 liberatus
1128 2097 1245 2139 murem

188 2179 269 2265 arrip
293 2180 315 2243 't
329 2186 359 2242 et
373 2179 539 2244 devoravit.

190 2369 210 2432 d
233 2283 318 2432 Haecl
330 2282 435 2347 fabula
450 2282 591 2362 ostendit,
607 2306 698 2369 quam
713 2285 841 2369 gratiam
855 2286 927 2350 mali
941 2309 995 2373 pro
1011 2286 1162 2352 benefieiis
1177 2286 1244 2352 red·

211 2374 259 2434 dre
274 2393 306 2433 so
320 2377 398 2434 eant.

484 2608 514 2655 2.
543 2604 607 2651 The
625 2604 688 2652 Kld
705 2607 768 2654 and
786 2608 839 2656 the
857 2609 949 2658 Wolf.

233 2739 367 2821 Haedus,
381 2749 464 2807 stans
484 2744 516 2807 in
536 2751 617 2809 teuto
640 2746 759 2826 domus,
774 2747 848 2835 lupo
864 2751 1064 2835 praetereunti
1078 2749 1244 2817 maledixit.

188 2844 244 2909 Cui
258 2845 359 2932 lupus,
374 2848 446 2911 Noa
462 2856 504 2927 ta,
516 2849 626 2934 iuquit,
641 2855 695 2917 sed
708 2859 815 2918 tectum
830 2854 906 2918 midi
920 2855 1081 2919 maledicit.

232 2949 326 3036 Saepe
339 2951 425 3015 locus
439 2960 470 3016 et
484 2959 604 3040 tempus
619 2955 754 3021 homines
769 2959 893 3022 timidos
907 2958 1035 3023 audaces
1050 2959 1158 3024 reddit.

446 3261 476 3307 3.
505 3259 570 3307 The
586 3258 685 3308 Graue
702 3261 765 3308 and
783 3262 835 3309 the
853 3262 999 3310 Peaeoek.

230 3391 323 3472 Pavo,
334 3417 435 3460 eoram
450 3419 524 3482 grue
539 3422 652 3484 pennas
667 3423 736 3464 suas
751 3401 913 3485 explicans,
931 3402 1055 3482 Quanta
1070 3409 1123 3478 eet,
1135 3401 1244 3487 inquit,

179 3496 359 3576 fhrmoeitae
370 3525 433 3564 meu
443 3510 472 3566 et
488 3510 541 3566 rua
553 3505 753 3589 deformitas!
790 3505 833 3567 At
847 3526 920 3588 grus
935 3505 1066 3583 evdlanS,
1076 3506 1119 3570 Er
1133 3514 1245 3592 quarite

186 3607 239 3678 est,
253 3601 364 3686 inquit,
382 3607 491 3669 levitas
505 3630 569 3670 mea
584 3614 613 3670 et
629 3614 681 3669 tua
697 3610 857 3670 tarditas!

230 3706 338 3771 Monet
353 3709 424 3773 haec
439 3708 553 3788 fabula,
563 3733 600 3775 ne
616 3709 655 3773 ob
671 3711 795 3795 aliquod
806 3711 930 3790 bonum,
943 3715 1024 3797 quod
1039 3714 1127 3780 nobis
1138 3723 1246 3781 natura

185 3810 305 3888 tribuit,
321 3812 394 3876 alios
417 3820 654 3892 contemnamus,
671 3813 782 3899 quibus
801 3822 910 3879 natura
925 3816 983 3880 alia
998 3824 1028 3880 et
1042 3818 1168 3883 fortasse
1181 3842 1245 3883 ma·

184 3914 250 3998 jura
264 3915 357 3978 dedit.
