2880 4454
480 414 576 463 TlRS'I'
599 412 743 463 LESSONS
767 412 805 462 IN
828 411 939 462 LATIN.
1179 395 1237 455 161

179 586 332 674 appellati.
378 584 472 648 Plura
486 580 565 646 bella
579 568 708 645 feliciter
721 579 825 665 gessit,
840 601 896 644 nec
910 604 1022 665 pancos
1037 605 1125 668 agros
1143 583 1239 648 hosti-

180 692 237 756 bus
251 691 407 775 ademptus
428 686 512 752 urbis
536 685 687 749 territorio
709 684 859 770 adjunxit.
905 685 1025 750 Primus
1050 687 1239 774 triumphans

179 792 285 858 urbem
310 789 445 855 intravit.
491 786 616 850 Cloacas
639 785 730 865 fecit;
754 784 939 870 Capitolium
964 787 1126 853 inchoavit.
1171 790 1238 853 Tri-

178 902 290 963 cestmo
314 902 420 960 octavo
447 891 555 987 impiari
581 913 659 956 anno
685 913 739 977 per
764 889 842 954 Anci
866 889 955 968 filios,
979 889 1089 975 quibus
1113 914 1239 976 regnum

177 1004 337 1088 amputarat,
352 1008 470 1065 occisus
484 1004 540 1063 est.

350 1232 447 1292 Relgn
465 1230 499 1280 of
516 1228 638 1279 Servius
655 1226 785 1288 Tullius,
804 1227 842 1275 Β.
855 1226 887 1275 C.
905 1228 1065 1277 578-534.

224 1376 273 1438 18.
304 1372 377 1437 Post
400 1371 479 1435 hunc
503 1368 624 1434 Servius
646 1366 765 1431 Tullius
781 1365 915 1451 suscepit
929 1366 1101 1451 imperium,
1115 1372 1237 1451 genitus

177 1499 214 1541 ex
229 1476 325 1541 nobili
345 1477 468 1553 femina,
482 1481 603 1560 captiva
621 1479 723 1536 tamen
742 1477 773 1535 et
792 1469 917 1535 famula.
964 1470 1068 1551 Quum
1091 1470 1124 1535 in
1147 1471 1237 1536 domo

177 1580 324 1665 Tarquini
347 1579 443 1643 Prisci
467 1578 655 1654 educaretur,
680 1575 801 1640 flamma
824 1575 858 1638 in
881 1575 948 1659 ejus
971 1579 1070 1660 capite
1095 1575 1158 1638 visa
1179 1582 1235 1641 est.

180 1684 248 1749 Hoc
262 1684 401 1770 prodigio
416 1682 565 1767 Tanaquil
580 1683 608 1746 ei
623 1704 772 1746 summam
795 1678 977 1768 dignitatem
992 1680 1132 1765 portendi
1147 1680 1236 1745 intel-

178 1787 262 1864 lexit,
278 1797 308 1853 et
323 1788 446 1874 conjugi
460 1787 621 1872 persuasit,
632 1795 667 1850 ut
681 1809 750 1850 eum
766 1785 857 1849 sicdti
871 1782 983 1848 liberos
998 1807 1068 1847 suos
1083 1784 1235 1849 educaret.

179 1892 282 1973 Quum
298 1891 485 1968 adolevisset,
501 1913 552 1954 rex
567 1891 595 1953 ei
610 1890 702 1953 filiam
717 1889 749 1953 in
765 1889 990 1977 matrimpniurn
1005 1886 1099 1957 dedit.

224 1998 274 2059 19.
305 1995 408 2076 Quum
431 1995 552 2058 Priscus
575 1994 759 2077 Tarquinius
785 1978 902 2057 oedibus
926 1973 1013 2069 e'isei,
1027 1980 1178 2077 Tandquil
1199 1991 1237 2056 de

179 2101 330 2186 supericre
356 2106 440 2185 parte
463 2099 572 2162 dornus
595 2098 744 2184 popilium
766 2094 898 2162 allocuta
923 2105 979 2176 est,
994 2097 1116 2177 dicens3
1141 2121 1237 2182 repam

175 2227 270 2285 prave
284 2204 401 2290 quidem
415 2206 467 2267 aad
480 2226 541 2266 aaa
556 2203 647 2267 letale
663 2205 773 2268 arriana
795 2202 969 2286 accepiaae;
992 2227 1057 2267 eum
1071 2206 1187 2286 petire,
1203 2212 1237 2269 ut

174 2310 313 2390 pupiilae,
329 2310 398 2371 datm
411 2307 619 2384 convaluiaaet,
632 2307 735 2371 Serva
748 2308 849 2373 Tullio
861 2309 1002 2373 obediret.
1049 2308 1099 2373 Sic
1114 2308 1237 2373 Servius

1 2449 6 2466 ·
72 2420 78 2443 ³
111 2454 126 2467 >a
177 2422 301 2496 regnare
315 2411 424 2497 coepit,
440 2411 492 2474 sed
506 2409 581 2475 bene
595 2410 756 2496 imperium
771 2410 1002 2476 administravit.
1041 2412 1164 2477 Montes
1175 2420 1236 2477 tres

177 2514 246 2580 urbi
260 2516 409 2601 adjunxit.
455 2514 575 2577 Primus
600 2514 736 2577 omnium
758 2537 882 2579 censum
905 2515 1067 2581 ordinavit.
1113 2516 1178 2581 Sub
1201 2540 1237 2581 eo

178 2619 274 2683 Rama
288 2619 395 2683 habuit
406 2618 560 2702 octoginta
573 2617 634 2682 tria
647 2617 732 2681 milia
743 2618 856 2683 civium
871 2619 1078 2684 Romanarum
1093 2642 1163 2684 cum
1177 2621 1236 2698 his,

178 2722 277 2806 quiin
292 2722 372 2806 agris
388 2731 481 2786 erunt.

222 2828 273 2890 20.
298 2826 357 2890 Hic
373 2848 424 2889 rex
439 2826 615 2891 interfectus
631 2833 675 2891 est
690 2826 801 2892 scelere
815 2827 894 2893 filiae
912 2828 1029 2893 Tulliae
1047 2836 1078 2893 et
1091 2828 1236 2914 Tarquini

178 2929 315 3016 Superbi,
331 2931 374 2995 fili
388 2932 454 3017 ejus
469 2933 561 3016 regis,
574 2933 623 2997 cni
639 2933 759 2998 Servius
775 2939 967 2999 successerat.
1022 2935 1104 2999 Nam
1116 2935 1154 2999 ab
1169 2937 1236 3021 ipso
1291 2989 1293 2994 .
1308 2976 1311 2981 «

176 3035 340 3119 Tarquinio
355 3035 392 3099 de
406 3035 552 3120 gradibus
567 3037 666 3102 curiae
682 3038 827 3124 dejectus,
843 3060 938 3123 quum
960 3039 1085 3102 domurn
1107 3040 1236 3124 fugeret,

176 3138 350 3202 interfectus
365 3145 420 3203 est.
457 3140 557 3204 Tullia
571 3141 603 3204 in
618 3141 719 3206 forurn
734 3143 916 3228 properavit,
929 3149 959 3206 et
970 3143 1066 3227 prima
1077 3143 1237 3228 conjugem

176 3263 277 3325 regem
292 3242 444 3308 salutavit.
490 3245 593 3326 Quum
608 3245 733 3310 domurn
749 3246 870 3324 rediret,
886 3254 1022 3330 aurigam
1038 3269 1129 3332 super
1142 3246 1237 3333 putris

177 3368 286 3430 corpus
301 3346 331 3409 in
346 3347 395 3410 via
407 3348 507 3433 jacens
523 3358 699 3435 carpentum
714 3355 802 3434 agere
814 3351 917 3436 jussit.

233 3592 329 3651 Ratgn
347 3593 381 3640 of
398 3594 583 3652 Tarquinius
602 3593 765 3654 Superbus,
783 3595 836 3642 the
855 3594 917 3658 ¹last
934 3594 1011 3654 king
1028 3594 1062 3642 of
1079 3596 1184 3654 Rome,

575 3682 612 3729 B.
625 3682 657 3729 G.
676 3683 841 3730 aaa-51⁰.

221 3817 272 3880 al.
298 3815 480 3900 Tarquinius
497 3815 650 3901 Superbus
665 3825 832 3900 cognbmen
845 3814 981 3879 moribus
993 3814 1112 3879 meruit.
1150 3814 1237 3878 Bello

177 3925 277 3983 tarnen
303 3929 444 3983 strenuus
470 3919 573 4004 piures
595 3920 793 3984 finitimbrum
819 3920 1002 4006 popularum
1020 3919 1101 3983 vicit.
1147 3919 1235 3981 Tem-
