2880 4454
199 389 257 449 160
496 409 591 458 mass
614 409 756 458 ursanus
781 410 818 458 m
842 409 953 458 muru.

193 576 332 662 conjugis
347 599 420 655 snae,
428 578 517 664 jussu
531 578 628 641 facire
648 548 776 643 diceliat.
831 577 943 642 Morbo
961 576 1099 654 decessit,
1122 577 1251 662 quadra·

193 688 308 766 gesimo
323 684 411 748 tertio
425 684 533 770 impiiri
548 708 637 749 anna.

354 916 451 974 Rclgn
469 916 503 963 of
521 915 629 964 Tullus
649 917 806 977 Hostilius,
825 917 862 964 B.
875 916 907 965 0.
926 918 984 966 673
994 944 1013 955 -
1023 919 1090 968 641.

236 1058 287 1118 14.
317 1053 437 1118 Numae
452 1054 596 1117 successit
621 1055 729 1118 Tullus
757 1055 920 1134 HostiliuS,
946 1057 1034 1142 cujus
1061 1081 1135 1122 avus
1161 1082 1192 1124 se
1220 1060 1249 1126 iu

168 1159 271 1223 'bello
286 1159 428 1223 adversus
444 1157 572 1223 Sabinos
588 1160 695 1223 fortem
710 1167 741 1223 et
756 1167 912 1224 strenuum
928 1162 1028 1226 virum
1051 1165 1249 1249 praestiterat.

190 1262 257 1326 Rex
271 1270 388 1327 creatus
403 1262 517 1326 bellum
530 1263 658 1329 Albanis
669 1264 792 1342 indixit,
802 1264 894 1351 idque
909 1266 1139 1352 trigemiudrum
1153 1269 1251 1332 Hora·

189 1365 304 1429 tiorum
318 1373 348 1430 et
362 1365 566 1431 Curiatiorum
589 1373 752 1433 certamine
767 1369 876 1435 finivit.
923 1371 1033 1435 Albam
1048 1380 1171 1457 propter
1184 1394 1250 1457 per-

190 1470 294 1533 fidiam
322 1470 413 1534 Metti
438 1470 544 1535 Fufeti
572 1471 676 1538 diruit.
732 1474 835 1554 Quum
865 1475 990 1559 triginta
1018 1474 1138 1540 duobus
1165 1473 1249 1539 annis

190 1582 352 1656 regnasset,
367 1575 494 1639 fulmine
509 1576 588 1641 ictus
603 1601 672 1642 cum
689 1579 778 1642 domo
794 1602 848 1642 sua
862 1580 943 1643 arsit.

362 1841 460 1901 Reign
478 1842 513 1890 of
530 1843 632 1893 Ancus
650 1845 791 1906 Marcius,
809 1847 846 1893 Β.
858 1845 891 1894 0.
910 1847 972 1896 640
983 1848 1077 1896 -616,

234 1981 285 2043 15.
314 1979 390 2044 Post
411 1979 493 2044 hunc
517 1983 620 2046 Ancus
643 1982 788 2060 Marcius,
799 1982 920 2047 Numae
934 2006 971 2046 cx
986 1984 1049 2047 filia
1062 2007 1166 2069 nepos
1182 2008 1246 2049 susa

188 2083 271 2168 cepit
293 2084 464 2169 imperium.
511 2085 573 2149 Hic
597 2087 642 2149 vir
664 2086 816 2171 aequitate
838 2093 868 2150 et
888 2087 1032 2171 religidnc
1055 2111 1111 2152 avo
1132 2089 1248 2167 similis,

189 2187 315 2252 Latinos
330 2188 410 2254 bello
426 2188 556 2267 domuit,
572 2188 678 2253 urbem
692 2188 860 2275 ampliavit,
875 2197 906 2253 et
919 2212 997 2253 nova
1017 2191 1044 2253 ei
1058 2192 1175 2254 moenia
1189 2192 1247 2254 cir-

188 2292 352 2358 cumdddit.
406 2293 561 2358 Carcerem
586 2294 702 2379 primus
728 2293 907 2357 aedificavit.
953 2293 1003 2356 Ad
1029 2292 1145 2357 Tibirris
1172 2295 1249 2358 ostia

188 2397 295 2462 urbem
317 2398 464 2476 condidit,
485 2397 663 2482 Ostiamque
687 2397 815 2461 vocavit.
862 2397 1014 2460 Vicesimo
1040 2405 1146 2483 quarto
1170 2421 1247 2462 anno
1312 2415 1329 2455 ;-.
1358 2406 1367 2459 J·

188 2503 294 2591 impirri
309 2503 414 2568 morbo
431 2503 516 2568 obiit.

326 2735 422 2795 Rcign
441 2736 475 2785 of
493 2732 679 2793 Tarquinius
697 2733 828 2794 Priscus,
846 2734 883 2781 B.
896 2731 928 2781 0.
948 2736 1107 2784 olo-578.

232 2877 282 2938 16.
311 2874 428 2943 Deinde
451 2898 585 2960 regnum
614 2873 728 2939 Lucius
761 2873 942 2956 Tarquinius
972 2872 1094 2937 Priscus
1120 2874 1246 2961 accepit,

186 2977 341 3042 Demarati
355 2979 448 3058 filius,
462 2980 514 3064 qui
529 2987 673 3064 tyrannos
688 2976 801 3064 patriae
816 2975 954 3040 Corinthi
975 2976 1094 3060 fugiens
1110 2977 1142 3041 in
1153 2979 1246 3044 Etru-

186 3081 261 3145 riam
276 3087 405 3149 venirat.
451 3083 521 3168 Ipse
536 3083 728 3168 Tarquinius
745 3081 797 3168 qui
813 3102 920 3144 nomen
936 3079 974 3144 ab
989 3079 1065 3144 urbe
1075 3081 1246 3167 Tarquiniis

185 3187 309 3272 accepit,
325 3186 486 3271 aliquando
502 3187 630 3252 Romam
652 3187 805 3273 profectus
829 3191 901 3250 erat.
948 3183 1132 3248 Advenienti
1145 3187 1246 3272 aquila

185 3289 298 3375 pileum
312 3289 450 3368 abstulit,
465 3300 505 3369 et,
521 3298 681 3377 postquam
695 3290 755 3354 alte
774 3291 953 3367 evolaverat,
970 3289 1114 3374 reposuit.
1162 3289 1244 3355 Hinc

184 3394 333 3478 Tandquil
344 3396 467 3481 conjux,
477 3396 586 3459 mulier
596 3396 794 3480 auguriorum
808 3403 916 3481 perita,
927 3416 1055 3480 regnum
1067 3394 1096 3457 ei
1106 3395 1245 3480 portendi

183 3496 340 3563 intellexit.

230 3603 279 3666 17.
304 3602 407 3683 Quum
422 3602 528 3667 Romae
552 3610 797 3681 commoraretur,
813 3603 891 3668 Anci
906 3603 985 3687 regis
1009 3601 1244 3667 familiaritatem

184 3712 361 3769 consecutus
373 3712 428 3784 est,
439 3706 572 3791 quicum
588 3707 719 3771 filiorum
735 3716 859 3770 sucrum
871 3713 1004 3770 tutorem
1020 3706 1153 3791 requuit.
1185 3705 1244 3769 Sed
1334 3780 1344 3789 ἱ

183 3807 209 3870 is
232 3808 356 3892 pupillis
383 3830 509 3892 regnum
538 3810 704 3895 intercepit.
760 3810 966 3887 Senatoribus,
991 3832 1066 3894 quos
1092 3810 1243 3875 Romulus

184 3916 345 3988 creavcrat,
367 3918 488 3974 centum
512 3911 586 3975 alios
609 3913 737 3990 addidit,
759 3914 812 3997 qui
835 3914 987 3979 minorum
1011 3914 1147 3997 gentium
1173 3920 1243 3977 sunt
