2880 4454
502 416 599 467 mass
622 416 766 467 iussores
790 417 829 466 m
852 418 963 469 carm.
1198 400 1257 461 155

197 585 370 652 eminebant
381 614 391 666 3
425 586 506 652 unde
535 591 658 672 agnitus
687 587 719 650 in
748 559 911 672 pistrinum
939 586 1090 652 abductus
1119 596 1175 668 est,
1204 588 1259 654 ubi

197 714 307 777 poenas
330 689 514 777 petulantiae
536 690 629 755 dedit.

242 795 326 860 Haec
341 794 446 859 fabula
461 793 588 858 stolidos
610 800 707 872 notat,
720 795 773 880 qui
787 793 950 859 immeritis
970 794 1136 860 honorlbus
1152 819 1256 883 super·

199 897 298 964 blunt.

549 1097 580 1142 ο.
610 1092 674 1140 The
692 1092 811 1141 Golden
831 1093 906 1153 Egg.

241 1231 354 1296 Mulier
372 1230 519 1317 quaedam
537 1228 668 1294 habebat
690 1226 844 1314 gallinam,
866 1252 942 1314 quae
964 1230 992 1294 ei
1011 1230 1145 1316 quotidie
1167 1254 1257 1297 ovum

198 1333 334 1421 pariebat
354 1358 489 1399 aureum.
536 1334 618 1399 Hinc
641 1333 789 1419 suspicari
811 1334 920 1419 coepit,
935 1333 1019 1399 illam
1041 1336 1107 1399 auri
1129 1358 1258 1400 massam

197 1440 280 1503 intus
303 1439 409 1518 celare,
424 1447 454 1504 et
474 1439 620 1525 gallinam
635 1438 757 1504 occidit.
803 1438 863 1502 Sed
876 1439 953 1503 nihil
967 1440 1000 1503 in
1015 1463 1049 1504 ea
1065 1440 1184 1526 reperit,
1199 1440 1258 1503 nisi

198 1542 280 1627 quod
293 1543 325 1606 in
344 1542 411 1607 aliis
434 1543 556 1628 gallinis
579 1542 705 1630 reperiri
729 1541 814 1606 solet.
861 1541 969 1627 Itaque
993 1543 1067 1607 dum
1091 1543 1257 1629 majoribus

198 1646 312 1711 divitiis
326 1646 475 1726 inhiabat,
491 1649 583 1713 etiam
598 1649 728 1713 minores
742 1645 884 1734 perdidit.

445 1934 497 1980 1⁰.
528 1931 592 1978 'l'lre
609 1930 780 1978 Travellers
798 1929 861 1976 and
879 1929 932 1977 the
950 1928 1015 1978 Ass.

239 2070 310 2134 Duo
334 2070 387 2155 qui
409 2079 471 2134 una
493 2069 552 2133 iter
573 2068 733 2146 faciebant,
749 2072 869 2132 asinum
891 2066 1078 2140 oberrantem
1100 2068 1132 2132 in
1148 2069 1254 2134 solitu-

196 2173 266 2237 dine
288 2173 463 2258 conspicati,
478 2179 639 2237 aecurrunt
653 2172 734 2250 laeti,
750 2178 780 2236 et
794 2178 921 2256 uterque
939 2194 1008 2235 eum
1024 2170 1082 2236 sibi
1103 2173 1256 2238 vindicare

195 2277 304 2363 coepit,
319 2276 402 2362 quod
423 2299 494 2341 eum
515 2277 598 2363 prior
619 2276 834 2363 conspexisset.
879 2276 964 2339 Dum
979 2298 1050 2340 vero
1071 2276 1256 2341 contendunt

195 2387 225 2444 et
250 2380 397 2458 rixantur,
422 2403 477 2446 nec
506 2405 525 2446 a
551 2379 728 2446 verberibus
756 2380 920 2459 abstinent,
946 2383 1051 2444 aslnus
1080 2379 1202 2465 aufigit
1224 2387 1256 2446 et

195 2491 301 2549 neuter
323 2507 358 2549 eo
379 2491 507 2571 potitur.

546 2761 597 2807 11.
626 2757 691 2805 'l'hc
709 2756 899 2816 Trumpeter.

237 2892 373 2958 Tublcen
387 2891 425 2956 ab
441 2892 581 2957 hostibus
594 2901 711 2979 captus,
723 2896 773 2960 Ne
787 2920 840 2975 me,
851 2897 962 2983 inquit,
977 2899 1139 2986 inteficita
1147 2925 1161 2974 ;
1184 2923 1254 2964 nam

195 2996 319 3061 inermia
340 3020 415 3074 aum,
432 3020 527 3083 aeque
541 2998 701 3085 quidquam
723 3001 814 3065 habeo
822 3010 951 3084 praeter
965 3003 1043 3066 hanc
1056 3005 1164 3066 rabam.
1212 3005 1254 3067 At

195 3097 305 3175 hostes,
315 3100 447 3180 Propter
456 3100 510 3162 loc
522 3099 630 3181 besam,
639 3102 792 3188 inquiunt,
804 3111 832 3168 te
841 3104 1052 3180 interimatur,
1065 3107 1153 3190 quod,
1166 3127 1254 3189 qrcam

195 3203 257 3284 iprae
263 3204 430 3285 paynaadi
443 3204 486 3268 aia
502 3205 671 3288 imperitae,
687 3207 766 3272 alios
781 3211 967 3291 adpalpaom
981 3209 1110 3273 incitare
1123 3209 1210 3273 solea.

236 3306 353 3372 Fabula
367 3307 465 3388 docet,
477 3332 540 3374 non
554 3310 653 3374 solum
668 3311 826 3376 maleficos
837 3335 902 3377 esse
916 3310 1084 3399 puniendos
1095 3311 1148 3376 sed
1163 3310 1253 3376 etiam

194 3433 255 3488 eos,
271 3410 324 3495 qui
339 3410 414 3476 alios
428 3412 467 3477 ad
482 3413 561 3479 male
575 3414 747 3478 faciendum
761 3416 887 3480 irritent.

573 3700 624 3747 12.
655 3694 732 3744 Sour
750 3694 874 3755 Grapes.

236 3830 353 3920 Vulpes
372 3853 463 3898 uvam
484 3832 516 3897 in
531 3833 592 3898 vite
614 3836 786 3922 conspicata
807 3837 846 3900 ad
860 3836 943 3901 illam
962 3836 1096 3903 subsiliit
1117 3835 1253 3901 omnium

193 3939 302 4003 virium
332 3949 455 4003 suarum
486 3939 685 4018 contentione,
709 3940 735 4003 si
764 3963 829 4004 eam
860 3943 936 4006 forte
968 3944 1115 4028 attingere
1142 3950 1250 4027 posset.
