2880 4454
193 379 255 439 158
492 397 587 446 mass
610 397 754 448 mssous
778 400 816 450 m
840 400 951 452 mum.

191 563 343 628 Vestelem
366 563 515 651 virginem
540 563 621 628 fecit.
667 565 749 629 Nam
770 567 817 631 his
835 567 944 633 Vestae
958 570 1166 635 sacerdotibus
1189 596 1248 639 non

189 667 260 732 licet
273 667 339 732 viro
354 666 478 732 nubere.
523 666 583 731 sed
597 667 670 732 haec
684 692 702 732 a
718 669 818 734 Marte
832 676 969 754 geminos
984 672 1062 737 filios
1082 674 1249 741 Romelum

188 777 221 835 et
234 770 364 835 Remum
378 770 504 856 peperit.
542 770 612 834 Hoc
627 793 723 856 quum
737 773 881 838 Amulius
901 777 1107 861 comperisset,
1125 789 1249 845 matrem

61 869 65 875 ’
189 874 221 938 in
236 873 356 953 vincela
372 873 510 959 conjecit,
526 878 635 959 pueros
651 883 753 939 autem
766 875 799 940 in
813 876 948 941 Tiberim
964 878 1055 966 abjici
1068 883 1168 968 jussit.

227 968 385 1047 'tl-eene
409 971 527 1040 'liberis
550 999 628 1062 aqua
650 977 730 1042 ultra
755 980 852 1065 ripam
876 1005 907 1045 se
929 983 1084 1063 effuderat,
1100 995 1139 1064 et,
1156 1010 1249 1073 quum

189 1081 275 1169 pueri
290 1081 322 1145 in
336 1079 413 1144 vado
433 1087 531 1145 essent
553 1082 656 1167 positi,
671 1106 750 1168 aqua
764 1086 893 1151 refluens
908 1111 959 1151 eos
973 1088 1006 1151 in
1021 1089 1099 1152 sicco
1114 1089 1247 1175 reliquit.

190 1184 240 1252 Ad
253 1193 358 1250 cerum
373 1192 511 1269 vagitum
533 1183 607 1272 lupa
620 1190 761 1267 accurrit,
776 1213 888 1276 eosque
909 1190 1054 1256 uberibus
1077 1192 1140 1256 suis
1162 1192 1247 1258 aluit.

190 1288 282 1370 Quod
296 1288 401 1353 videns
421 1288 587 1354 Faustulus
611 1293 745 1377 quidam,
761 1303 865 1381 pastor
878 1295 962 1360 illius
983 1296 1124 1381 regienis,
1138 1302 1247 1385 pueros

189 1391 317 1457 sustelit
330 1399 361 1456 et
375 1393 465 1458 uxeri
480 1395 578 1459 Accae
592 1396 772 1462 Laurentiae
786 1399 962 1464 nutriendos
977 1399 1069 1465 dedit.

443 1645 639 1696 Foundatlon
657 1647 692 1696 of
709 1649 814 1709 Rome,
832 1650 869 1697 B.
881 1650 913 1699 c.
925 1651 991 1701 75³.

234 1792 264 1852 8.
295 1786 345 1852 Sic
359 1785 510 1851 andlus
525 1794 556 1850 et
573 1786 687 1851 Remus
705 1789 865 1874 pueritiam
883 1790 961 1855 inter
979 1797 1113 1877 pasteres
1132 1798 1245 1855 transe-

188 1898 307 1976 gemnt.
354 1891 459 1974 Quum
478 1890 679 1956 adolevissent
693 1900 724 1956 et
740 1892 817 1957 forte
839 1896 1054 1981 comperissent
1077 1896 1143 1981 quis
1165 1896 1246 1982 ipse-

187 2017 257 2060 rum
286 2020 371 2075 avus,
402 2020 477 2082 qnae
506 2001 602 2060 mater
633 1996 751 2075 fuisset,
782 1999 942 2062 Amulium
975 1999 1188 2063 interfecerunt
1216 2006 1247 2062 et

187 2098 345 2164 Numiteri
361 2125 416 2165 avo
431 2124 558 2186 regnum
574 2101 782 2166 restituerunt.
827 2101 905 2165 Tum
924 2102 1030 2166 urbem
1048 2102 1246 2166 condiderunt

186 2203 220 2268 in
240 2211 344 2269 monte
365 2207 516 2270 Aventino
537 2228 629 2291 quam
647 2205 797 2269 Remelus
812 2229 829 2269 a
844 2228 899 2269 suo
914 2210 1035 2269 nomme
1049 2205 1176 2269 Romam
1190 2228 1244 2269 vo-

186 2308 277 2372 cevit.
324 2309 408 2374 Haec
427 2333 521 2394 quum
536 2308 695 2374 moenlbus
719 2308 965 2387 circumdaretur,
989 2308 1103 2373 Remus
1128 2317 1244 2374 occisus

186 2418 243 2492 est,
265 2413 338 2477 dum
361 2414 484 2479 fratrem
507 2414 635 2478 irridens
658 2413 774 2476 moenia
795 2411 991 2478 transiliebat.

292 2667 372 2716 How
389 2669 539 2716 Romulus
557 2668 713 2717 incr-cased
731 2667 785 2714 the
802 2666 936 2713 Number
953 2665 988 2713 of
1005 2665 1144 2716 Olttzens.

230 2809 260 2869 9.
289 2804 451 2885 Romulus,
463 2813 499 2871 ut
513 2807 625 2872 civium
638 2812 799 2871 numerum
814 2811 948 2890 augeret,
960 2804 1077 2887 asylum
1092 2804 1243 2890 patefecit,

184 2908 224 2972 ad
250 2909 332 2993 quod
357 2911 448 2975 multi
472 2934 510 2975 ex
536 2910 711 2976 civitatibus
738 2911 802 2974 suis
828 2909 909 2996 pulsi
934 2916 1138 2974 accurrerunt.
1185 2909 1244 2974 Sed

184 3033 279 3075 novae
290 3012 374 3077 urbis
389 3014 507 3079 civibus
522 3018 666 3100 conjeges
681 3016 814 3079 deerant.
853 3015 977 3078 Festum
992 3014 1095 3098 iteque
1104 3013 1243 3099 Neptem

183 3121 215 3178 et
228 3114 318 3180 ludos
336 3117 480 3183 instituit.
526 3121 576 3184 Ad
594 3121 649 3183 hos
672 3142 767 3204 quum
789 3119 939 3183 multi'ex
961 3118 1100 3182 finitimis
1123 3118 1243 3202 popelis

184 3242 253 3283 cum
275 3219 455 3286 mulieribus
478 3229 509 3286 et
529 3223 632 3288 liberis
647 3225 808 3301 venissent,
821 3224 949 3288 Romeni
965 3223 1045 3286 inter
1057 3222 1139 3307 ipsos
1153 3219 1242 3285 ludos

184 3329 353 3409 spectantes
367 3326 500 3410 virgines
515 3335 689 3413 rapuerunt.
758 3315 764 3319 ’

418 3570 492 3618 War
510 3570 587 3618 with
606 3572 659 3619 the
677 3571 810 3620 Sabinos.
822 3600 858 3607 -—
870 3572 1008 3630 Tarpeia.

229 3707 279 3769 10.
310 3705 422 3793 Populi
444 3709 500 3786 illi,
517 3732 646 3793 quorum
668 3711 802 3794 virgines
824 3717 927 3796 raptae
947 3718 1042 3788 erant,
1061 3711 1175 3775 bellum
1190 3709 1240 3773 ad-

182 3829 285 3870 versus
301 3817 433 3892 rapteres
449 3821 653 3900 susceperuut.
700 3813 802 3893 Quum
817 3814 932 3878 Romae
954 3815 1239 3900 appropinquerent‚

183 3908 261 3970 forte
275 3908 307 3969 i'n
321 3909 480 3994 Tarpeiam
495 3914 644 3997 virginem
657 3915 838 3994 inciderunt,
854 3938 930 4000 quae
944 3916 977 3979 in
991 3939 1058 3979 arce
1073 3938 1155 3979 sacra
1169 3939 1238 4002 pro·
